<?xml version="1.0" encoding="UTF-8"?><record xmlns="http://www.loc.gov/MARC21/slim" xmlns:cinclude="http://apache.org/cocoon/include/1.0" xmlns:zs="http://www.loc.gov/zing/srw/">
  <leader>00639cz  a2200193n  4500</leader>
  <controlfield tag="001">n 2002043399</controlfield>
  <controlfield tag="003">DLC</controlfield>
  <controlfield tag="005">20021023162115.0</controlfield>
  <controlfield tag="008">021023n| acaabaaan          |a ana      </controlfield>
  <datafield tag="010" ind1=" " ind2=" ">
    <subfield code="a">n 2002043399</subfield>
  </datafield>
  <datafield tag="040" ind1=" " ind2=" ">
    <subfield code="a">DLC</subfield>
    <subfield code="b">eng</subfield>
    <subfield code="c">DLC</subfield>
    <subfield code="d">DLC</subfield>
  </datafield>
  <datafield tag="130" ind1=" " ind2="0">
    <subfield code="a">Zhivai︠a︡ proza istorii.</subfield>
    <subfield code="p">Vek XVI</subfield>
  </datafield>
  <datafield tag="430" ind1=" " ind2="0">
    <subfield code="a">Zhivai︠a︡ proza istorii.</subfield>
    <subfield code="p">Vek 16.</subfield>
  </datafield>
  <datafield tag="430" ind1=" " ind2="0">
    <subfield code="a">Zhivai︠a︡ proza istorii.</subfield>
    <subfield code="p">Vek shestnadt︠s︡atyĭ</subfield>
  </datafield>
  <datafield tag="643" ind1=" " ind2=" ">
    <subfield code="a">Moskva</subfield>
    <subfield code="b">TERRA-Knizhnyĭ klub</subfield>
    <subfield code="b">Izd-vo "Olimp"</subfield>
  </datafield>
  <datafield tag="644" ind1=" " ind2=" ">
    <subfield code="a">f</subfield>
    <subfield code="5">DLC</subfield>
  </datafield>
  <datafield tag="645" ind1=" " ind2=" ">
    <subfield code="a">t</subfield>
    <subfield code="5">DPCC</subfield>
    <subfield code="5">DLC</subfield>
  </datafield>
  <datafield tag="646" ind1=" " ind2=" ">
    <subfield code="a">s</subfield>
    <subfield code="5">DLC</subfield>
  </datafield>
  <datafield tag="670" ind1=" " ind2=" ">
    <subfield code="a">Romanov, Vladislav. Master tainnykh del, 2001:</subfield>
    <subfield code="b">t.p. (Zhivai︠a︡ proza istorii. Vek XVI)</subfield>
  </datafield>
</record>